@InProceedings{ petsc-efficient,
    Author = {Satish Balay and William D. Gropp and Lois C. McInnes and Barry F. Smith},
    Title = {Efficienct Management of Parallelism in Object Oriented Numerical Software Libraries},
    Booktitle = {Modern Software Tools in Scientific Computing},
    Editor = {E. Arge and A. M. Bruaset and H. P. Langtangen},
    Pages = {163-202},
    Publisher = {Birkhauser Press},
    Year = {1997}
}

